@book{joakim,
    author    = "Moeslund, Thomas B.",
    title     = "Introduction to video and image processing",
    publisher = "SPringer",
    edition  = "1.",
    year      = "2012",
    note	  = "ISBN: 978-1-4471-2502-0",
}

@MISC{sou:PmGm,
  title = {The Bode Diagram},
  author = {{The University of Edinburgh}},
  note = {Downloaded September 30, 2015},
  howpublished = {\url{http://www.see.ed.ac.uk/~jwp/control06/controlcourse/restricted/course/advanced/module7-2.html}},
  year = {2007},
}

@MISC{sou:CTA,
  title = {Consumer Technology Association},
  author = {{Laura Hubbard}},
  note = {Downloaded February 15, 2016},
  howpublished = {\url{https://www.cta.tech/News/News-Releases/Press-Releases/2014/Consumer-Electronics-Industry-Revenues-to-Reach-Al.aspx}},
  year = {2014},
}
