@book{joakim,
    author    = "Moeslund, Thomas B.",
    title     = "Introduction to video and image processing",
    publisher = "SPringer",
    edition  = "1.",
    year      = "2012",
    note	  = "ISBN: 978-1-4471-2502-0",
}

@book{sou:MC,
    author    = "A.S. Sedra & K.C. Smith",
    title     = "Microelectronic Circuits",
    publisher = "Oxford University Press",
    edition  = "6.",
    year      = "2011",
    note	  = "",
}

@book{sou:Pm,
    author    = "Franklin, Powell, Emami-Naeini",
    title     = "Feedback Control of Dynamic Systems",
    publisher = "Prentice-Hall",
    edition  = "6.",
    year      = "2010",
    note	  = "ISBN-10: 0-13-601969-2",
}

@book{oppenheim,
    author    = "Ronald W. Schafer/Alan V. Oppenheim",
    title     = "Discrete-Time Signal Processing",
    publisher = "Pearson Education Limited",
    edition  = "3.",
    year      = "2014",
    note	  = "ISBN: 978-1-29202-572-8",
}

@book{tanenbaum,
    author    = "David J. Wetherall/Andrew S. Tanenbaum",
    title     = "Computer Networks",
    publisher = "Prentice Hall",
    edition  = "5.",
    year      = "2011",
    note	  = "",
}

@book{pidcontrol,
    author    = "Michael A. Johnson/Mohammad H. Moradi",
    title     = "PID Control. New Identification and Design Methods",
    publisher = "Springer",
    edition  = "1",
    year      = "2005",
    note    = "",
}

@book{calculus,
    author    = "C. Henry Edwards & David E. Penney",
    title     = "Calculus - Early Transcendentals",
    publisher = "Pearson",
    edition   = "7.",
    year      = "2007",
    note	  = "",
}


@MISC{sou:PmGm,
  title = {The Bode Diagram},
  author = {{The University of Edinburgh}},
  note = {Downloaded September 30, 2015},
  howpublished = {\url{http://www.see.ed.ac.uk/~jwp/control06/controlcourse/restricted/course/advanced/module7-2.html}},
  year = {2007},
}

@MISC{CrumbX128A3,
  title = {CrumbX128A3 V1.5 Infosheet},
  author = {Chip45},
  note = {Downloaded September 14 2014},
  howpublished = {\url{http://download.chip45.com/CrumbX128A3_V1.5_infosheet.pdf}},
  year = {2012},
}

@MISC{xmega,
  title = {ATxmega128A3U datasheet},
  author = {Atmel},
  note = {Downloaded September 14 2014},
  howpublished = {\url{http://www.atmel.com/Images/Atmel-8386-8-and-16-bit-AVR-Microcontroller-ATxmega64A3U-128A3U-192A3U-256A3U_datasheet.pdf}},
  year = {2014},
}

@MISC{wifimodule,
  title = {APC Series Transparent Transceiver Module
APC220-43},
  author = {{APPCON TECHNOLOGIES}},
  note = {Downloaded September 16 2014},
  howpublished = {\url{http://www.dfrobot.com/image/data/TEL0005/APC220_Datasheet.pdf}},
  year = {2008},
}

@MISC{hbridge,
  title = {5.0 A Throttle Control H-Bridge},
  author = {{Freescale Semiconductor}},
  note = {Downloaded September 16 2014},
  howpublished = {\url{http://cache.freescale.com/files/analog/doc/data_sheet/MC33926.pdf}},
  year = {2014},
}

@MISC{gyro,
  title = {MPU-6000 and MPU-6050 Register Map and Descriptions},
  author = {{InvenSense}},
  note = {Downloaded September 16 2014},
  howpublished = {\url{http://store.invensense.com/Datasheets/invensense/RM-MPU-6000A.pdf}},
  year = {2012},
}

@MISC{acc_vs_gyro,
  title = {Accelerometer vs. Gyroscope: What's the Difference?},
  author = {{Ryan Goodrich}},
  note = {Downloaded September 18 2015},
  howpublished = {\url{http://www.livescience.com/40103-accelerometer-vs-gyroscope.html}},
  year = {2015},
}

@MISC{weight,
  title = {KERN FCB Operating Manual},
  author = {KERN and Sohn GmbH},
  note = {Downloaded September 23 2015},
  howpublished = {\url{http://www.kern-sohn.com/manuals/files/English/FCB-BA-e-0911.pdf}},
  year = {2009},
}


@MISC{BvsBL,
  title = {Brushed - Brushless comparison},
  author = {{Esky Helicopters}},
  note = {Downloaded September 19 2015},
  howpublished = {\url{http://www.eskyhelicopters.com/faq/brushless-motors.php}},
  year = {2015},
}

@MISC{BvsBLv2,
  title = {Brushed - Brushless comparison 2},
  author = {{Electronic Design}},
  note = {Downloaded October 2 2015},
  howpublished = {\url{http://electronicdesign.com/electromechanical/what-s-difference-between-brush-dc-and-brushless-dc-motors}},
  year = {2012},
}

@MISC{BvsBLv3,
  title = {Brushed - Brushless comparison 3},
  author = {{Installations Electriques}},
  note = {Downloaded October 2 2015},
  howpublished = {\url{http://www.installations-electriques.net/Apelm/Moteu/Moteurdc.htm}},
  year = {2011},
}

@MISC{LiPo,
  title = {LiPo Batteries},
  author = {{Wikipedia}},
  note = {Downloaded September 25 2015},
  howpublished = {\url{https://en.wikipedia.org/wiki/Lithium_polymer_battery#Working_principle}},
  year = {2015},
}

@MISC{LiPov2,
  title = {LiPo Batteries 2},
  author = {{modelisme.com}},
  note = {Downloaded October 3 2015},
  howpublished = {\url{http://www.modelisme.com/forum/auto-materiel-electrique/149437-tuto-tout-savoir-sur-les-accus-lipo-chargeurs-alimentations-connecteurs.html}},
  year = {2010},
}

@MISC{Cells,
  title = {LiPo Cells},
  author = {{HobbyCenter}},
  note = {Downloaded September 30 2015},
  howpublished = {\url{http://www.rogershobbycenter.com/lipoguide/}},
  year = {2015},
}

@MISC{IncEnc,
  title = {Incremental Encoders},
  author = {{STI2D}},
  note = {Downloaded September 28 2015},
  howpublished = {\url{http://lgt.garnier.free.fr/espace_si_fichiers/ch5_CI9_I4_Capteur_num.pdf}},
  year = {2013},
}

@MISC{DARSAS,
  title = {DARSAS (Dynamic Autonomous
Robotic Surveillance and Alarm System)},
  author = {{15gr633}},
  note = {Bachelor project from Aalborg University},
  howpublished = {\url{http://projekter.aau.dk/projekter/files/213057566/15gr633_rapport.pdf}},
  year = {2015},
}

@MISC{maxon,
  title = {Maxon A-max DC motor},
  author = {{Maxon}},
  note = {Datasheet},
  howpublished = {\url{http://www.maxonmotor.com/medias/sys_master/root/8816800104478/15-160-EN.pdf}},
  year = {2015},
}

@MISC{gear,
  title = {Maxon Planetary Gearhead},
  author = {{Maxon}},
  note = {Datasheet},
  howpublished = {\url{http://www.maxonmotor.com/medias/sys_master/root/8816808198174/15-291-EN.pdf}},
  year = {2015},
}

@MISC{InvertedPendulumMathworks,
  title = {Inverted Pendulum: System Modeling},
  author = {Prof. Bill Messner},
  note = {Downloaded November 2 2015},
  howpublished = {\url{http://ctms.engin.umich.edu/CTMS/index.php?example=InvertedPendulum&section=SystemModeling}},
  year = {2011},
}

@MISC{modelnote,
  title = {Modeldannelse},
  author = {Andersen, Palle and Pedersen, Tom S.},
  year = {2010},
}

@MISC{I2C,
  title = {I2C},
  author = {{SPARK FUN}},
  note = {Downloaded November 4 2015},
  howpublished = {\url{https://learn.sparkfun.com/tutorials/i2c}},
  year = {2015},
}

@MISC{Iner,
  title = {Inertia},
  author = {{Dr F. Raemy}},
  note = {Downloaded November 9 2015},
  howpublished = {\url{http://franzraemy.senseweb.ch/momentdintertie.pdf}},
  year = {2015},
}

@MISC{fsk,
  title = {Lecture 7 - Modulation},
  author = {{Joel Sing}},
  note = {Downloaded November 20 2015},
  howpublished = {\url{http://ironbark.xtelco.com.au/subjects/DC/lectures/7/fig_2010_07_05.jpg}},
  year = {2008},
}

@MISC{rf12b-data,
  title = {RF12B universal ISM band FSK transceiver},
  author = {{Hope RF}},
  note = {Downloaded November 20 2015},
  howpublished = {\url{https://www.sparkfun.com/datasheets/Wireless/General/RF12B-IC.pdf}},
  year = {2006},
}

@MISC{rf12b-code,
  title = {RF12B programming guide },
  author = {{Hope RF}},
  note = {Downloaded November 20 2015},
  howpublished = {\url{https://www.sparkfun.com/datasheets/Wireless/General/RF12B_code.pdf}},
  year = {2006},
}

@MISC{jdn,
  title = {CRC16 checksum},
  author = {Jens Dalsgaard Nielsen},
  note = {Downloaded November 20 2015},
  howpublished = {\url{http://www.control.aau.dk/~jdn/edu/doc/arduino/sketchbook/libraries/crc16/}},
  year = {2013},
}

@MISC{iir_vs_fir,
  title = {Lecture 10 - FIR SYNTHESIS, FREQUENCY TRANSFORMATIONS AND FREQUENCY ANALYSIS.},
  author = {{Ove Andersen}},
  note = {Downloaded November 23 2015},
  howpublished = {\url{https://www.moodle.aau.dk/pluginfile.php/560358/mod_resource/content/1/Signal-Processing-part-4.pdf}},
  year = {2015},
}

@MISC{IMU,
  title = {Reading a IMU Without Kalman: The Complementary Filter},
  author = {Pieter-Jan Van de Maele},
  note = {Downloaded November 28 2015},
  howpublished = {\url{http://www.pieter-jan.com/node/11}},
  year = {2013},
}

@MISC{APC220,
  title = {APC220 datasheet},
  author = {Analog Devices},
  note = {Downloaded December 9 2015},
  howpublished = {\url{http://www.dfrobot.com/image/data/TEL0005/APC220_Datasheet.pdf}},
  year = {2008},
}

@book{sou:Feedback,
    author    = "Franklin, Powell, Emami-Naeini",
    title     = "Feedback Control of Dynamic Systems",
    publisher = "PEARSON",
    edition  = "7.",
    year      = "2010",
    note	  = "ISBN-10: 1-292-06890-9",
}

@MISC{sou:taylorSeries,
  title = {Taylor series},
  author = {{Mathworks}},
  note = {Downloaded December 14 2015},
  howpublished = {\url{http://se.mathworks.com/help/symbolic/taylor.html#busozb7-8}},
  year = {2015},
}

@MISC{sou:gfsk,
  title = {GFSK},
  author = {{Sabih H. Gerez}},
  note = {Downloaded December 14 2015},
  howpublished = {\url{http://wwwhome.ewi.utwente.nl/~gerezsh/sendfile/sendfile.php/gfsk-intro.pdf?sendfile=gfsk-intro.pdf}},
  year = {2013},
}

@MISC{sou:fsk_pic,
  title = {FSK picture},
  author = {{Joel Sing}},
  note = {Downloaded December 14 2015},
  howpublished = {\url{http://ironbark.xtelco.com.au/subjects/DC/lectures/7/}},
  year = {2013},
}

@MISC{sou:quad_enc,
  title = {Quadrature encoder signal picture},
  author = {{Gordon McComb}},
  note = {Downloaded December 15 2015},
  howpublished = {\url{http://www.robotoid.com/appnotes/circuits-quad-encoding.html}},
  year = {2011},
}

@MISC{sou:i2c,
  title = {I2C picture},
  author = {{I2C.info}},
  note = {Downloaded December 15 2015},
  howpublished = {\url{http://i2c.info/i2c-bus-specification}},
  year = {2015},
}

@MISC{sou:control_slide13,
  title = {Cascade control},
  author = {{Tom Pedersen}},
  note = {Downloaded December 15 2015},
  howpublished = {\url{https://www.moodle.aau.dk/pluginfile.php/499690/mod_folder/content/0/Slides.pdf?forcedownload=1}},
  year = {2015},
}

@MISC{sou:control_slide7,
  title = {Control II: Frequency domain specifications},
  author = {{Kirsten M. Nielsen}},
  note = {Downloaded December 15 2015},
  howpublished = {\url{https://www.moodle.aau.dk/pluginfile.php/499678/mod_folder/content/0/slides-mm7.pdf?forcedownload=1}},
  year = {2015},
}

@MISC{sou:cascade_controller,
  title = {CascadeControl},
  author = {Oseph Casler & Andry Haryanto & Seth Kahle & Weiyin Xu},
  note = {Downloaded December 16 2015},
  howpublished = {\url{https://controls.engin.umich.edu/wiki/index.php/CascadeControl}},
  year = {2007},
}
